<record><leader>01883nam a2200529oi 4500</leader><controlfield tag="001">6811203</controlfield><controlfield tag="003">CaONFJC</controlfield><controlfield tag="005">20150220062405.0</controlfield><controlfield tag="006">m        d        </controlfield><controlfield tag="007">cr||n|||||||||</controlfield><controlfield tag="008">140217t20152015enka    ob    001 0 eng d</controlfield><datafield ind1=" " ind2=" " tag="020"><subfield code="a">1780233361</subfield></datafield><datafield ind1=" " ind2=" " tag="020"><subfield code="a">9781780233369</subfield></datafield><datafield ind1=" " ind2=" " tag="020"><subfield code="a">9781322496689 (MyiLibrary)</subfield></datafield><datafield ind1=" " ind2=" " tag="037"><subfield code="a">680950</subfield><subfield code="b">MIL</subfield></datafield><datafield ind1=" " ind2=" " tag="039"><subfield code="a">exclude</subfield></datafield><datafield ind1=" " ind2=" " tag="040"><subfield code="a">CaONFJC</subfield><subfield code="c">CaONFJC</subfield><subfield code="e">rda</subfield><subfield code="d">AEU</subfield></datafield><datafield ind1=" " ind2="4" tag="050"><subfield code="a">QL737.C25</subfield><subfield code="b">J87 2015eb</subfield></datafield><datafield ind1="0" ind2="4" tag="082"><subfield code="a">599.76/7</subfield><subfield code="2">23</subfield></datafield><datafield ind1=" " ind2=" " tag="090"><subfield code="a">Internet Access</subfield><subfield code="b">AEGMCT</subfield></datafield><datafield ind1=" " ind2=" " tag="091"><subfield code="a">DO NOT ADD TO THIS RECORD - PSA PROJECT</subfield></datafield><datafield ind1="1" ind2=" " tag="100"><subfield code="a">Justice, Daniel Heath,</subfield><subfield code="e">author.</subfield></datafield><datafield ind1="1" ind2="0" tag="245"><subfield code="a">Badger</subfield><subfield code="h">[electronic resource] /</subfield><subfield code="c">Daniel Heath Justice.</subfield></datafield><datafield ind1=" " ind2="1" tag="264"><subfield code="a">London :</subfield><subfield code="b">Reaktion Books,</subfield><subfield code="c">2015.</subfield></datafield><datafield ind1=" " ind2="4" tag="264"><subfield code="c">&#223;2015</subfield></datafield><datafield ind1=" " ind2=" " tag="300"><subfield code="a">1 online resource (224 pages) :</subfield><subfield code="b">illustrations (some color)</subfield></datafield><datafield ind1=" " ind2=" " tag="336"><subfield code="a">text</subfield><subfield code="b">txt</subfield><subfield code="2">rdacontent</subfield></datafield><datafield ind1=" " ind2=" " tag="337"><subfield code="a">computer</subfield><subfield code="b">c</subfield><subfield code="2">rdamedia</subfield></datafield><datafield ind1=" " ind2=" " tag="338"><subfield code="a">online resource</subfield><subfield code="b">cr</subfield><subfield code="2">rdacarrier</subfield></datafield><datafield ind1="1" ind2=" " tag="490"><subfield code="a">Animal</subfield></datafield><datafield ind1=" " ind2=" " tag="504"><subfield code="a">Includes bibliographical references (pages 190-213) and index.</subfield></datafield><datafield ind1=" " ind2=" " tag="506"><subfield code="a">Access restricted to authorized users and institutions.</subfield></datafield><datafield ind1=" " ind2=" " tag="588"><subfield code="a">Description based on print version record.</subfield></datafield><datafield ind1=" " ind2=" " tag="596"><subfield code="a">57</subfield></datafield><datafield ind1=" " ind2="0" tag="650"><subfield code="a">Badgers.</subfield></datafield><datafield ind1=" " ind2="0" tag="650"><subfield code="a">Badgers</subfield><subfield code="x">Social aspects.</subfield></datafield><datafield ind1=" " ind2="0" tag="650"><subfield code="a">Badgers</subfield><subfield code="x">Symbolic aspects.</subfield></datafield><datafield ind1=" " ind2="0" tag="650"><subfield code="a">Badgers</subfield><subfield code="x">Conservation.</subfield></datafield><datafield ind1=" " ind2="0" tag="650"><subfield code="a">Mammals in art.</subfield></datafield><datafield ind1=" " ind2="0" tag="650"><subfield code="a">Animals in literature.</subfield></datafield><datafield ind1=" " ind2="0" tag="650"><subfield code="a">Animals in motion pictures.</subfield></datafield><datafield ind1=" " ind2="0" tag="650"><subfield code="a">Human-animal relationships.</subfield></datafield><datafield ind1=" " ind2="0" tag="650"><subfield code="a">Animals and civilization.</subfield></datafield><datafield ind1=" " ind2="0" tag="830"><subfield code="a">Animal (Reaktion Books)</subfield></datafield><datafield ind1="4" ind2="0" tag="856"><subfield code="3">MacEwan University Access</subfield><subfield code="u">http://lib.myilibrary.com/detail.asp?ID=680950</subfield><subfield code="z">(Single User Access)</subfield></datafield><datafield ind1=" " ind2=" " tag="949"><subfield code="w">ORDER</subfield><subfield code="h">UAIN</subfield><subfield code="m">GR_MAC_INT</subfield><subfield code="z">MILGMPSA</subfield></datafield><datafield ind1=" " ind2=" " tag="926"><subfield code="a">Internet Access</subfield><subfield code="w">ORDER</subfield><subfield code="c">1</subfield><subfield code="i">6811203-1001</subfield><subfield code="l">INTERNET</subfield><subfield code="m">GR_MAC_INT</subfield><subfield code="r">Y</subfield><subfield code="s">Y</subfield><subfield code="t">E-RESOURCE</subfield><subfield code="u">2/24/2015</subfield><subfield code="x">E-BOOK</subfield><subfield code="z">MILGMPSA</subfield></datafield></record>